@Manual{R-base,
  title = {R: A Language and Environment for Statistical Computing},
  author = {{R Core Team}},
  organization = {R Foundation for Statistical Computing},
  address = {Vienna, Austria},
  year = {2021},
  url = {https://www.R-project.org/},
}
@Manual{R-papaja,
  author = {Frederik Aust and Marius Barth},
  title = {{papaja}: {Create} {APA} manuscripts with {R Markdown}},
  year = {2020},
  note = {R package version 0.1.0.9997},
  url = {https://github.com/crsh/papaja},
}
@article{mensink1988,
  title={The production of social capital in US counties},
  author={Mensink, G.M. and Raaijmakers, J.G.},
  journal={Psychological Review},
  volume={95},
  pages={434--455},
  year={1988}
}
@article{oreilly1994,
  title={Hippocampal conjunctive encoding, storage, and recall: Avoiding a trade-off.},
  author={O'Reilly, R.C. and McClelland, J.L.},
  journal={Hippocampus},
  volume={4},
  number={6},
  pages={661--682},
  year={1994}
}
@article{hulbert2015,
  title={Neural Differentiation Tracks Improved Recall of Competing Memories Following Interleaved Study and Retrieval Practice.},
  author={Hulbert, J.C. and Norman, K.A.},
  journal={Cerebral Cortex},
  volume={25},
  number={10},
  pages={3994--4008},
  year={2015}
}
@article{chanales2021,
  title={Adaptive Repulsion of Long- Term Memory Representations Is Triggered by Event Similarity.},
  author={Chanales, A.J. and Tremblay-McGaw, A. and Drascher, M. and Kuhl, B.A.},
  journal={Psychological Science},
  volume={32},
  pages={705--720},
  year={2021}
}
@article{song2020,
  title={MPNet: Masked and Permuted Pre-training for Language Understanding.},
  author={Song, K. and Tan, X. and Qin, T. and Lu, J. and Liu, T.},
  journal={ArXiv},
  year={2020}
}
@Manual{R-bitops,
  title = {bitops: Bitwise Operations},
  author = {S original by Steve Dutky initial R port and extensions by Martin Maechler; revised and modified by Steve Dutky},
  year = {2021},
  note = {R package version 1.0-7},
  url = {https://CRAN.R-project.org/package=bitops},
}
@Manual{R-caret,
  title = {caret: Classification and Regression Training},
  author = {Max Kuhn},
  year = {2021},
  note = {R package version 6.0-90},
  url = {https://CRAN.R-project.org/package=caret},
}
@Article{R-cutpointr,
  title = {{cutpointr}: Improved Estimation and Validation of Optimal Cutpoints in {R}},
  author = {Christian Thiele and Gerrit Hirschfeld},
  journal = {Journal of Statistical Software},
  year = {2021},
  volume = {98},
  number = {11},
  pages = {1--27},
  doi = {10.18637/jss.v098.i11},
}
@Manual{R-dplyr,
  title = {dplyr: A Grammar of Data Manipulation},
  author = {Hadley Wickham and Romain François and Lionel Henry and Kirill Müller},
  year = {2021},
  note = {R package version 1.0.7},
  url = {https://CRAN.R-project.org/package=dplyr},
}
@Manual{R-finalfit,
  title = {finalfit: Quickly Create Elegant Regression Results Tables and Plots when
Modelling},
  author = {Ewen Harrison and Tom Drake and Riinu Ots},
  year = {2021},
  note = {R package version 1.0.3},
  url = {https://CRAN.R-project.org/package=finalfit},
}
@Manual{R-forcats,
  title = {forcats: Tools for Working with Categorical Variables (Factors)},
  author = {Hadley Wickham},
  year = {2021},
  note = {R package version 0.5.1},
  url = {https://CRAN.R-project.org/package=forcats},
}
@Manual{R-gbm,
  title = {gbm: Generalized Boosted Regression Models},
  author = {Brandon Greenwell and Bradley Boehmke and Jay Cunningham and GBM Developers},
  year = {2020},
  note = {R package version 2.1.8},
  url = {https://CRAN.R-project.org/package=gbm},
}
@Book{R-ggplot2,
  author = {Hadley Wickham},
  title = {ggplot2: Elegant Graphics for Data Analysis},
  publisher = {Springer-Verlag New York},
  year = {2016},
  isbn = {978-3-319-24277-4},
  url = {https://ggplot2.tidyverse.org},
}
@Article{R-glmnet_a,
  title = {Regularization Paths for Generalized Linear Models via Coordinate Descent},
  author = {Jerome Friedman and Trevor Hastie and Robert Tibshirani},
  journal = {Journal of Statistical Software},
  year = {2010},
  volume = {33},
  number = {1},
  pages = {1--22},
  url = {https://www.jstatsoft.org/v33/i01/},
}
@Article{R-glmnet_b,
  title = {Regularization Paths for Cox's Proportional Hazards Model via Coordinate Descent},
  author = {Noah Simon and Jerome Friedman and Trevor Hastie and Rob Tibshirani},
  journal = {Journal of Statistical Software},
  year = {2011},
  volume = {39},
  number = {5},
  pages = {1--13},
  url = {https://www.jstatsoft.org/v39/i05/},
}
@Manual{R-kableExtra,
  title = {kableExtra: Construct Complex Table with 'kable' and Pipe Syntax},
  author = {Hao Zhu},
  year = {2021},
  note = {R package version 1.3.4},
  url = {https://CRAN.R-project.org/package=kableExtra},
}
@Book{R-knitr,
  title = {Dynamic Documents with {R} and knitr},
  author = {Yihui Xie},
  publisher = {Chapman and Hall/CRC},
  address = {Boca Raton, Florida},
  year = {2015},
  edition = {2nd},
  note = {ISBN 978-1498716963},
  url = {https://yihui.org/knitr/},
}
@Book{R-lattice,
  title = {Lattice: Multivariate Data Visualization with R},
  author = {Deepayan Sarkar},
  publisher = {Springer},
  address = {New York},
  year = {2008},
  note = {ISBN 978-0-387-75968-5},
  url = {http://lmdvr.r-forge.r-project.org},
}
@Manual{R-Matrix,
  title = {Matrix: Sparse and Dense Matrix Classes and Methods},
  author = {Douglas Bates and Martin Maechler},
  year = {2021},
  note = {R package version 1.3-4},
  url = {https://CRAN.R-project.org/package=Matrix},
}
@Manual{R-purrr,
  title = {purrr: Functional Programming Tools},
  author = {Lionel Henry and Hadley Wickham},
  year = {2020},
  note = {R package version 0.3.4},
  url = {https://CRAN.R-project.org/package=purrr},
}
@Book{R-rattle,
  title = {Data Mining with {Rattle} and {R}: The art of excavating data for knowledge discovery},
  author = {Graham J. Williams},
  publisher = {Springer},
  series = {Use R!},
  year = {2011},
  url = {http://www.amazon.com/gp/product/1441998896/ref=as_li_qf_sp_asin_tl?ie=UTF8&tag=togaware-20&linkCode=as2&camp=217145&creative=399373&creativeASIN=1441998896},
}
@Manual{R-readr,
  title = {readr: Read Rectangular Text Data},
  author = {Hadley Wickham and Jim Hester},
  year = {2021},
  note = {R package version 2.0.2},
  url = {https://CRAN.R-project.org/package=readr},
}
@Manual{R-recipes,
  title = {recipes: Preprocessing and Feature Engineering Steps for Modeling},
  author = {Max Kuhn and Hadley Wickham},
  year = {2021},
  note = {R package version 0.1.17},
  url = {https://CRAN.R-project.org/package=recipes},
}
@Manual{R-rpart,
  title = {rpart: Recursive Partitioning and Regression Trees},
  author = {Terry Therneau and Beth Atkinson},
  year = {2019},
  note = {R package version 4.1-15},
  url = {https://CRAN.R-project.org/package=rpart},
}
@Manual{R-stringr,
  title = {stringr: Simple, Consistent Wrappers for Common String Operations},
  author = {Hadley Wickham},
  year = {2019},
  note = {R package version 1.4.0},
  url = {https://CRAN.R-project.org/package=stringr},
}
@Manual{R-tibble,
  title = {tibble: Simple Data Frames},
  author = {Kirill Müller and Hadley Wickham},
  year = {2021},
  note = {R package version 3.1.4},
  url = {https://CRAN.R-project.org/package=tibble},
}
@Manual{R-tidyr,
  title = {tidyr: Tidy Messy Data},
  author = {Hadley Wickham},
  year = {2021},
  note = {R package version 1.1.4},
  url = {https://CRAN.R-project.org/package=tidyr},
}
@Article{R-tidyverse,
  title = {Welcome to the {tidyverse}},
  author = {Hadley Wickham and Mara Averick and Jennifer Bryan and Winston Chang and Lucy D'Agostino McGowan and Romain François and Garrett Grolemund and Alex Hayes and Lionel Henry and Jim Hester and Max Kuhn and Thomas Lin Pedersen and Evan Miller and Stephan Milton Bache and Kirill Müller and Jeroen Ooms and David Robinson and Dana Paige Seidel and Vitalie Spinu and Kohske Takahashi and Davis Vaughan and Claus Wilke and Kara Woo and Hiroaki Yutani},
  year = {2019},
  journal = {Journal of Open Source Software},
  volume = {4},
  number = {43},
  pages = {1686},
  doi = {10.21105/joss.01686},
}
@Article{R-vip,
  title = {Variable Importance Plots—An Introduction to the vip Package},
  author = {Brandon M. Greenwell and Bradley C. Boehmke},
  journal = {The R Journal},
  year = {2020},
  volume = {12},
  number = {1},
  pages = {343--366},
  url = {https://doi.org/10.32614/RJ-2020-013},
}
